@online{disco,
    author = "Wikipedia",
    title = "Unidad de disco duro",
    url  = "https://es.wikipedia.org/wiki/Unidad_de_disco_duro",
}


@online{ssd,
    author = "hardzone",
    title = "¿Cómo funciona un SSD y cómo procesa los datos tan rápidamente?",
    url  = "https://hardzone.es/tutoriales/componentes/como-funciona-ssd/",
}

@article{pdfu,
    author = "Augusto Salazar",
    title = "{La memoria del computador}.
    pages = "1--13",
    DOI = "https://classroom.google.com/u/1/w/MTQ0MDA0NjgzNzk4/t/all",
    keywords = "Informatica II"





}